<record><leader>00000cas a22000007a 4500</leader><controlfield tag="001">15170137</controlfield><controlfield tag="008">870209d18741878moudn ne      0    0eng d</controlfield><datafield ind1=" " ind2=" " tag="010"><subfield code="a">sn 87052160 </subfield></datafield><datafield ind1=" " ind2=" " tag="040"><subfield code="a">NPX</subfield><subfield code="b">eng</subfield><subfield code="c">NPX</subfield><subfield code="d">MQN</subfield><subfield code="d">OCLCQ</subfield></datafield><datafield ind1=" " ind2=" " tag="042"><subfield code="a">msc</subfield></datafield><datafield ind1="0" ind2="0" tag="245"><subfield code="a">Moberly daily enterprise-monitor.</subfield></datafield><datafield ind1="1" ind2="3" tag="246"><subfield code="a">Daily enterprise-monitor</subfield></datafield><datafield ind1=" " ind2=" " tag="260"><subfield code="a">Moberly, Mo. :</subfield><subfield code="b">Moberly Pub. Co.,</subfield><subfield code="c">-1878.</subfield></datafield><datafield ind1=" " ind2=" " tag="300"><subfield code="a">v.</subfield></datafield><datafield ind1=" " ind2=" " tag="310"><subfield code="a">Daily (except Sun.)</subfield></datafield><datafield ind1="1" ind2=" " tag="362"><subfield code="a">Began in 1874?</subfield></datafield><datafield ind1="0" ind2=" " tag="362"><subfield code="a">-v. 4, no. 230 (Jan. 5, 1878).</subfield></datafield><datafield ind1=" " ind2=" " tag="515"><subfield code="a">Vol. 4 repeated in numbering.</subfield></datafield><datafield ind1=" " ind2=" " tag="588"><subfield code="a">Description based on: Vol. 3, no. 306 (Jan. 3, 1876).</subfield></datafield><datafield ind1=" " ind2=" " tag="752"><subfield code="a">United States</subfield><subfield code="b">Missouri</subfield><subfield code="c">Randolph</subfield><subfield code="d">Moberly.</subfield></datafield><datafield ind1="0" ind2=" " tag="775"><subfield code="t">Moberly weekly enterprise-monitor</subfield><subfield code="w">(DLC)sn 87052159</subfield></datafield><datafield ind1="0" ind2="0" tag="785"><subfield code="t">Moberly daily monitor</subfield><subfield code="w">(DLC)sn 89066008</subfield></datafield></record>